@article{nguyen2022improving,
    title   = {\href{https://arxiv.org/abs/2209.12561}{Improving Document Image Understanding with Reinforcement Finetuning}},
    author  = {Nguyen, Bao-Sinh and Le, Tien Dung and Vu, Hieu M and Nguyen, Tuan-Anh D and Nguyen, Minh-Tien and Le, Hung},
    journal = {arXiv preprint arXiv:2209.12561},
    year    = {2022},
    note    = {Accepted to ICONIP 2022}
}

@article{son2022jointly,
    title   = {\href{https://arxiv.org/abs/2205.13434}{Jointly Learning Span Extraction and Sequence Labeling for Information Extraction from Business Documents}},
    author  = {Son, Nguyen Hong and Vu, Hieu M and Nguyen, Tuan-Anh D and Nguyen, Minh-Tien},
    journal = {arXiv preprint arXiv:2205.13434},
    year    = {2022},
    note    = {Accepted to IJCNN 2022 (Oral)}
}

@inproceedings{nguyen2021span,
    title        = {\href{https://aps.arxiv.org/abs/2106.00978}{A Span Extraction Approach for Information Extraction on Visually-Rich Documents}},
    author       = {Nguyen, Tuan-Anh D and Vu, Hieu M and Son, Nguyen Hong and Nguyen, Minh-Tien},
    booktitle    = {International Conference on Document Analysis and Recognition},
    pages        = {353--363},
    year         = {2021},
    organization = {Springer},
    note         = {Best Paper Award, DIL - ICDAR 2021)}
}

@article{vu2020revising,
    title   = {\href{https://arxiv.org/abs/2010.05322}{Revising FUNSD dataset for key-value detection in document images}},
    author  = {Vu, Hieu M and Nguyen, Diep Thi-Ngoc},
    journal = {arXiv preprint arXiv:2010.05322},
    year    = {2020}
}